@article{bajari2007estimating,
  title     = {Estimating dynamic models of imperfect competition},
  author    = {Bajari, Patrick and Benkard, C Lanier and Levin, Jonathan},
  journal   = {Econometrica},
  volume    = {75},
  number    = {5},
  pages     = {1331--1370},
  year      = {2007},
  publisher = {Wiley Online Library}
}